<?xml version="1.0" encoding="UTF-8"?><collection><record><leader>05671ntm a2200601 a 4500</leader><controlfield tag="001">006813030</controlfield><controlfield tag="003">MiAaHDL</controlfield><controlfield tag="005">20190719000000.0</controlfield><controlfield tag="006">m        d        </controlfield><controlfield tag="007">cr bn ---auaua</controlfield><controlfield tag="008">090604s1546    xx            00| ||per d</controlfield><datafield tag="035" ind1=" " ind2=" "><subfield code="a">(MiU)006813030</subfield></datafield><datafield tag="035" ind1=" " ind2=" "><subfield code="a">sdr-miu006813030</subfield></datafield><datafield tag="040" ind1=" " ind2=" "><subfield code="a">MiU</subfield><subfield code="c">MiU</subfield><subfield code="e">amremm</subfield></datafield><datafield tag="043" ind1=" " ind2=" "><subfield code="a">n-us-mi</subfield></datafield><datafield tag="100" ind1="0" ind2=" "><subfield code="6">880-01</subfield><subfield code="a">Saʻdī.</subfield></datafield><datafield tag="240" ind1="1" ind2="0"><subfield code="6">880-02</subfield><subfield code="a">Būstān.</subfield><subfield code="k">Selections</subfield></datafield><datafield tag="245" ind1="1" ind2="0"><subfield code="6">880-03</subfield><subfield code="a">[Būstān,</subfield><subfield code="f">953, i.e. 1546].</subfield></datafield><datafield tag="260" ind1=" " ind2=" "><subfield code="c">[1546].</subfield></datafield><datafield tag="300" ind1=" " ind2=" "><subfield code="a">23 leaves :</subfield><subfield code="b">paper ;</subfield><subfield code="c">232 x 135 (131 x 68) mm.</subfield></datafield><datafield tag="500" ind1=" " ind2=" "><subfield code="a">Shelfmark: Ann Arbor, University of Michigan, Special Collections Library, Isl. Ms. 302</subfield></datafield><datafield tag="500" ind1=" " ind2=" "><subfield code="a">Origin: As appears in colophon, copied by Sulṭān Ḥusayn ibn Jamshīd with transcription completed in Ramaḍān 953 [October-November 1546]. Mounting carried out much later ; paper with embossed mark suggests 19th century.</subfield></datafield><datafield tag="500" ind1=" " ind2=" "><subfield code="a">Former shelfmark: "186 T. D. M. [i.e. Tammaro De Marinis]" in pencil on recto of front flyleaf.</subfield></datafield><datafield tag="500" ind1=" " ind2=" "><subfield code="a">Binding: Semi-limp boards faced in dull red leather with dark green leather over spine and edges / turn-ins (leather faced and edged framed binding) ; Type III binding (without flap) ; doublures in dull green-brown leather ; doublure hinges in same dark green leather ; upper and lower covers carry traces of stained blue border defining a central rectangular panel ; now sewn in cream thread over two cords (quite wide, not recessed, flexible sewing, apparent as ridges on spine), other sewing holes visible ; overall in fair condition with staining, abrasion, etc. ; framing may constitute a repair.</subfield></datafield><datafield tag="500" ind1=" " ind2=" "><subfield code="a">Support: non-European (likely Persian) laid paper ; written area later mounted in borders of tinted (in varying shades of blue, lavender, etc.) and gold-flecked wove paper with almond shaped embossed mark ("... SMYRNA [SMYRNA]" see fol.7, 9, etc. compare embossed mark in paper of Isl. Ms. 10, copied in Kharparūt [i.e. Harput, Kharberd / Kharpert, etc. now Elazığ] in 1853) ; some breakthrough at frames.</subfield></datafield><datafield tag="500" ind1=" " ind2=" "><subfield code="a">Decoration: Exquisite double-page illumination at opening consisting of large rectangular panels each divided to central rectangular panel carrying opening text set off by cloud-bands (in gold with delicate floral motifs in blue), flanking vertical panels filled with delicate arabesques in red, black, gold, lavender, yellow, etc. on fields of blue set in lozenges defined by narrow white bands, and upper and lower rectangular panels with gold lozenges carrying verses ("خوشتر از كتاب در جهان يارى نيست در غمكده زمانه غمخوارى نيست هر لحظه از او بگوشه تنهائى صد راحتى است هرگز آزادى نيست") in white surrounded by rich, swirling arabesques with floral accents in gold, white, pink, lavender, etc. on fields of gold and blue set off by looping bands in white ; elswhere throughout, written area surrounded by a gold frame with outermost blue rule ; section headings set off in splendid rectangular headpieces (ʻunwān / sarlawḥ) carrying headings in white.</subfield></datafield><datafield tag="500" ind1=" " ind2=" "><subfield code="a">Script: Nastaʻlīq ; exquisite hand in a thin to medium line ; serifless with effect of inclination to the right, words descending to baseline, elongation and slight contrast in thickness of horizontal strokes, pointing mainly in distinct dots.</subfield></datafield><datafield tag="500" ind1=" " ind2=" "><subfield code="a">Layout: Written mainly in 12 lines per page, mainly divided to two columns ; frame-ruled.</subfield></datafield><datafield tag="500" ind1=" " ind2=" "><subfield code="a">Collation: III (6), III-3 (9), III (15), 2 II(23) ; ternions and binions ; catchwords present.</subfield></datafield><datafield tag="500" ind1=" " ind2=" "><subfield code="a">Colophon: "Scribal," triangular, reads "وقع الفارغ من كتابته فى شهر رمضان المبارك سنه ثلاث وخمسين وتسعمائة كتبه العبد سلطان حسين بن جمشيد "</subfield></datafield><datafield tag="500" ind1=" " ind2=" "><subfield code="a">Explicit: "بضاعت نیاوردم الا امید خدایا ز عفوم مکن نا امید"</subfield></datafield><datafield tag="500" ind1=" " ind2=" "><subfield code="a">Incipit: "بنام خداوند جان آفرین حکیم سخن در زبان آفرین خداوند بخشنده ی دستگیر کریم خطا بخش پوزش پذیر عزیزی که هر کز درش سر بتافت..."</subfield></datafield><datafield tag="500" ind1=" " ind2=" "><subfield code="a">Title supplied by cataloguer.</subfield></datafield><datafield tag="500" ind1=" " ind2=" "><subfield code="a">Ms. codex.</subfield></datafield><datafield tag="510" ind1="4" ind2=" "><subfield code="a">Rypka,</subfield><subfield code="c">p. 251-253</subfield></datafield><datafield tag="510" ind1="4" ind2=" "><subfield code="a">Browne,</subfield><subfield code="c">v. ii, p.525-532</subfield></datafield><datafield tag="510" ind1="4" ind2=" "><subfield code="a">Cat. Pers. MSS Brit. Mus.,</subfield><subfield code="c">p.595 ff.</subfield></datafield><datafield tag="520" ind1="8" ind2=" "><subfield code="a">Exquisite copy of selections from the Būstān, the celebrated mas̲navī of Saʻdī (d.1292), renowned Persian poet and prose writer.</subfield></datafield><datafield tag="538" ind1=" " ind2=" "><subfield code="a">Mode of access: Internet.</subfield></datafield><datafield tag="541" ind1=" " ind2=" "><subfield code="c">Purchase ;</subfield><subfield code="a">Acquired by purchase (funds donated by Horace Rackham).</subfield><subfield code="d">1924.</subfield></datafield><datafield tag="546" ind1=" " ind2=" "><subfield code="a">Persian.</subfield></datafield><datafield tag="561" ind1=" " ind2=" "><subfield code="a">Inscription in pencil on verso of opening leaf "186 T. D. M. [i.e. Tammaro De Marinis]" ; note what may be the age of the book on verso of final leaf ; possible effaced former owner's mark below colophon ; otherwise clean copy.</subfield></datafield><datafield tag="650" ind1=" " ind2="0"><subfield code="a">Manuscripts, Persian</subfield><subfield code="z">Michigan</subfield><subfield code="z">Ann Arbor.</subfield></datafield><datafield tag="650" ind1=" " ind2="0"><subfield code="a">Masnavis, Persian</subfield><subfield code="v">Early works to 1800.</subfield></datafield><datafield tag="650" ind1=" " ind2="0"><subfield code="a">Persian poetry</subfield><subfield code="y">747-1500.</subfield></datafield><datafield tag="655" ind1=" " ind2="7"><subfield code="a">Headpieces (layout features)</subfield><subfield code="y">16th century.</subfield><subfield code="2">aat</subfield></datafield><datafield tag="700" ind1="0" ind2=" "><subfield code="a">Abdülhamid</subfield><subfield code="b">II,</subfield><subfield code="c">Sultan of the Turks,</subfield><subfield code="d">1842-1918,</subfield><subfield code="e">former owner.</subfield></datafield><datafield tag="700" ind1="0" ind2=" "><subfield code="6">880-05</subfield><subfield code="a">Sulṭān Ḥusayn ibn Jamshīd,</subfield><subfield code="d">fl. 1546,</subfield><subfield code="e">scribe.</subfield></datafield><datafield tag="773" ind1="0" ind2=" "><subfield code="a">Abdul Hamid Collection.</subfield></datafield><datafield tag="880" ind1="0" ind2=" "><subfield code="6">700-05/</subfield><subfield code="a">سلطان حسين بن جمشيد,</subfield><subfield code="e">ناسخ.</subfield></datafield><datafield tag="880" ind1="1" ind2="0"><subfield code="6">245-03/</subfield><subfield code="a">[بوستان,</subfield><subfield code="f">953ه, 1546م].</subfield></datafield><datafield tag="880" ind1="1" ind2="0"><subfield code="6">240-02/</subfield><subfield code="a">بوستان.</subfield><subfield code="k">منتخبات</subfield></datafield><datafield tag="880" ind1="0" ind2=" "><subfield code="6">100-01/</subfield><subfield code="a">سعدى.</subfield></datafield><datafield tag="CID" ind1=" " ind2=" "><subfield code="a">006813030</subfield></datafield><datafield tag="DAT" ind1="0" ind2=" "><subfield code="a">20190719102638.0</subfield><subfield code="b">20190719000000.0</subfield></datafield><datafield tag="DAT" ind1="1" ind2=" "><subfield code="a">20190719090653.0</subfield><subfield code="b">2019-07-19T16:11:48Z</subfield></datafield><datafield tag="DAT" ind1="2" ind2=" "><subfield code="a">2015-10-02T18:00:03Z</subfield></datafield><datafield tag="CAT" ind1=" " ind2=" "><subfield code="a">SDR-MIU</subfield><subfield code="d">EX LIBRIS - ALEPH</subfield><subfield code="l">prepare.pl-004-008</subfield></datafield><datafield tag="FMT" ind1=" " ind2=" "><subfield code="a">BK</subfield></datafield><datafield tag="HOL" ind1=" " ind2=" "><subfield code="0">sdr-miu006813030</subfield><subfield code="a">MiU</subfield><subfield code="b">SDR</subfield><subfield code="c">MIU</subfield><subfield code="p">mdp.39015079128206</subfield><subfield code="s">MIU</subfield><subfield code="1">006813030</subfield></datafield><datafield tag="974" ind1=" " ind2=" "><subfield code="b">MIU</subfield><subfield code="c">MIU</subfield><subfield code="d">20190719</subfield><subfield code="s">lit-dlps-dc</subfield><subfield code="u">mdp.39015079128206</subfield><subfield code="y">1546</subfield><subfield code="r">pd</subfield><subfield code="q">bib</subfield><subfield code="t">non-US bib date1 &lt; 1896</subfield></datafield></record></collection>